<?xml version="1.0" encoding="UTF-8"?>
<record xmlns="http://www.loc.gov/MARC21/slim" xmlns:xsi="http://www.w3.org/2001/XMLSchema-instance" xsi:schemaLocation="http://www.loc.gov/MARC21/slim http://www.loc.gov/standards/marcxml/schema/MARC21slim.xsd">
<leader>     cam a2200253 a 4500</leader>
<controlfield tag="001">002154088</controlfield>
<controlfield tag="003">NNU</controlfield>
<controlfield tag="005">20061010172411.0</controlfield>
<controlfield tag="008">940509s1983    ir       i    000 0 ara</controlfield>
<datafield tag="035" ind1="9" ind2=" ">
<subfield code="a">NYUb11173506</subfield>
</datafield>
<datafield tag="035" ind1=" " ind2=" ">
<subfield code="a">(CStRLIN)NYUG94-B27183</subfield>
</datafield>
<datafield tag="040" ind1=" " ind2=" ">
<subfield code="a">NNU</subfield>
<subfield code="c">NNU</subfield>
</datafield>
<datafield tag="041" ind1="1" ind2=" ">
<subfield code="a">araper</subfield>
</datafield>
<datafield tag="066" ind1=" " ind2=" ">
<subfield code="c">(3</subfield>
</datafield>
<datafield tag="090" ind1=" " ind2=" ">
<subfield code="a">BP130.4.T35233</subfield>
<subfield code="b">K34 1983</subfield>
</datafield>
<datafield tag="100" ind1="1" ind2=" ">
<subfield code="6">880-01</subfield>
<subfield code="a">Kalāntarī, Ilyās.</subfield>
</datafield>
<datafield tag="245" ind1="1" ind2="0">
<subfield code="6">880-02</subfield>
<subfield code="a">Dalīl al-Mīzān fī tafsīr al-Qurʼān lil-ʻAllāmah al-Sayyid Muḥammad Ḥusayn al-Ṭabāṭabāʼī /</subfield>
<subfield code="c">taʼlīf Ilyās Kalāntarī ; tarjamat ʻAbbās Turjumān.</subfield>
</datafield>
<datafield tag="260" ind1=" " ind2=" ">
<subfield code="6">880-03</subfield>
<subfield code="a">Tihrān :</subfield>
<subfield code="b">Intishārāt-i Bayān,</subfield>
<subfield code="c">1362 [1983 or 1984]</subfield>
</datafield>
<datafield tag="300" ind1=" " ind2=" ">
<subfield code="a">376 p. ;</subfield>
<subfield code="c">25 cm.</subfield>
</datafield>
<datafield tag="600" ind1="1" ind2="0">
<subfield code="a">Ṭabāṭabāʼī, Muḥammad Ḥusayn.</subfield>
<subfield code="t">Mīzān fī tafsīr al-Qurʼān</subfield>
<subfield code="v">Indexes.</subfield>
</datafield>
<datafield tag="630" ind1="0" ind2="0">
<subfield code="a">Koran</subfield>
<subfield code="v">Indexes.</subfield>
</datafield>
<datafield tag="880" ind1="0" ind2=" ">
<subfield code="6">100-01/</subfield>
<subfield code="a">الياس كلانترى.</subfield>
</datafield>
<datafield tag="880" ind1="1" ind2="0">
<subfield code="6">245-02/</subfield>
<subfield code="a">دليل الميزان في تفسير القرآن للعلامة السيد محمد حسين الطباطبائي /</subfield>
<subfield code="c">تأليف الياس كلانتبرى ؛ ترجمه عباس ترجمان.</subfield>
</datafield>
<datafield tag="880" ind1=" " ind2=" ">
<subfield code="6">260-03/</subfield>
<subfield code="a">تهران :</subfield>
<subfield code="b">انتشارات بيان،</subfield>
<subfield code="c">١٣٦٢.</subfield>
</datafield>
<datafield tag="OWN" ind1=" " ind2=" ">
<subfield code="a">GENERAL</subfield>
</datafield>
<datafield tag="998" ind1=" " ind2=" ">
<subfield code="a">19940622</subfield>
<subfield code="d">19940509</subfield>
<subfield code="d">19940622</subfield>
<subfield code="n">NNU</subfield>
<subfield code="s">1</subfield>
<subfield code="t">c</subfield>
<subfield code="z">p</subfield>
</datafield>
<datafield tag="AVA" ind1=" " ind2=" ">
<subfield code="a">NYU50</subfield>
<subfield code="b">BOBST</subfield>
<subfield code="c">Main Collection</subfield>
<subfield code="d">BP130.4.T35233 K34 1983</subfield>
<subfield code="e">unavailable</subfield>
<subfield code="t">Unavailable</subfield>
<subfield code="f">1</subfield>
<subfield code="g">1</subfield>
<subfield code="h">N</subfield>
<subfield code="i">0</subfield>
<subfield code="j">MAIN</subfield>
<subfield code="k">0</subfield>
</datafield>
</record>
